@article{lit_data,
    title={Comprehensive curation and analysis of global interaction networks in Saccharomyces cerevisiae},
    author={Reguly, Teresa and Breitkreutz, Ashton and Boucher, Lorrie and Breitkreutz, Bobby-Joe and Hon, Gary C and Myers, Chad L and Parsons, Ainslie and Friesen, Helena and Oughtred, Rose and Tong, Amy and others},
    journal={Journal of biology},
    volume={5},
    number={4},
    pages={1},
    year={2006},
    publisher={BioMed Central}
}

@article{apms_data,
    title={Toward a comprehensive atlas of the physical interactome of Saccharomyces cerevisiae},
    author={Collins, Sean R and Kemmeren, Patrick and Zhao, Xue-Chu and Greenblatt, Jack F and Spencer, Forrest and Holstege, Frank CP and Weissman, Jonathan S and Krogan, Nevan J},
    journal={Molecular \& Cellular Proteomics},
    volume={6},
    number={3},
    pages={439--450},
    year={2007},
    publisher={ASBMB}
}

@article{y2h_data,
    title={High-quality binary protein interaction map of the yeast interactome network},
    author={Yu, Haiyuan and Braun, Pascal and Y{\i}ld{\i}r{\i}m, Muhammed A and Lemmens, Irma and Venkatesan, Kavitha and Sahalie, Julie and Hirozane-Kishikawa, Tomoko and Gebreab, Fana and Li, Na and Simonis, Nicolas and others},
    journal={Science},
    volume={322},
    number={5898},
    pages={104--110},
    year={2008},
    publisher={American Association for the Advancement of Science}
}
@article{apms,
    title={Affinity purification-mass spectrometry},
    author={Bauer, Andreas and Kuster, Bernhard},
    journal={European Journal of Biochemistry},
    volume={270},
    number={4},
    pages={570--578},
    year={2003},
    publisher={Wiley Online Library}
}
@book{newman,
    title={Networks: an introduction},
    author={Newman, Mark},
    year={2010},
    publisher={Oxford university press}
}
@book{barabasi,
    title={Network science},
    author={Barab{\'a}si, Albert-L{\'a}szl{\'o}},
    year={2016},
    publisher={Cambridge University Press}
}
@article{newman2003,
    title={Mixing patterns in networks},
    author={Newman, Mark EJ},
    journal={Physical Review E},
    volume={67},
    number={2},
    pages={026126},
    year={2003},
    publisher={APS}
}

